<record><leader>00000cas a22000007a 4500</leader><controlfield tag="001">21378557</controlfield><controlfield tag="008">900416d18491861ohuwr ne      0    0eng d</controlfield><controlfield tag="009">8043</controlfield><datafield ind1=" " ind2=" " tag="010"><subfield code="a">sn 90068212 </subfield></datafield><datafield ind1=" " ind2=" " tag="040"><subfield code="a">ONP</subfield><subfield code="b">eng</subfield><subfield code="c">ONP</subfield><subfield code="d">RHN</subfield><subfield code="d">DLC</subfield></datafield><datafield ind1=" " ind2=" " tag="042"><subfield code="a">msc</subfield></datafield><datafield ind1="0" ind2="0" tag="245"><subfield code="a">Catholic telegraph and advocate.</subfield></datafield><datafield ind1=" " ind2=" " tag="260"><subfield code="a">Cincinnati, Ohio :</subfield><subfield code="b">John Hitchler,</subfield><subfield code="c">1849-1861.</subfield></datafield><datafield ind1=" " ind2=" " tag="300"><subfield code="a">v.</subfield></datafield><datafield ind1=" " ind2=" " tag="310"><subfield code="a">Weekly</subfield></datafield><datafield ind1="0" ind2=" " tag="362"><subfield code="a">Vol. 18, no. 31 (Aug. 2, 1849)-v. 30, no. 52 (Dec. 28, 1861).</subfield></datafield><datafield ind1=" " ind2=" " tag="752"><subfield code="a">United States</subfield><subfield code="b">Ohio</subfield><subfield code="c">Hamilton</subfield><subfield code="d">Cincinnati.</subfield></datafield><datafield ind1="0" ind2="0" tag="780"><subfield code="t">Catholic telegraph (Cincinnati, Ohio : 1831)</subfield><subfield code="x">2157-4642</subfield><subfield code="w">(DLC)sn 86026379</subfield><subfield code="w">(OCoLC)1643978</subfield></datafield><datafield ind1="0" ind2="0" tag="785"><subfield code="t">Catholic telegraph (Cincinnati, Ohio : 1862)</subfield><subfield code="w">(DLC)sn 84024982</subfield></datafield></record>